# -----------------------------------------------------------------
# References
# -----------------------------------------------------------------
#
# Notes:
#
# 1. Use \href for all the links, rather than url for the web links,
#    as it keeps the fonts in the final document the same
#    (url generates a true-type hyperlink)
#
# -----------------------------------------------------------------

# =================================================================
# Books
# =================================================================

# =================================================================
# Papers
# =================================================================

# =================================================================
# Misc
# =================================================================
#
# -----------------------------------------------------------------
# A
# -----------------------------------------------------------------
#
# ARM
# ---

@misc{
	ARM_ARMv7_2018,
	author={ARM},
	note={\newline(\href{https://silver.arm.com/download/ARM_and_AMBA_Architecture/AR570-DA-70000-r0p0-00rel3/DDI0406C_d_armv7ar_arm.pdf}
	     {DDI0406C\_d\_armv7ar\_arm.pdf})},
	title={{DDI0406C: ARM Architecture Reference Manual ARMv7-A and ARMv7-R edition (issue C.d)}},
	month=mar,
	year={2018}
}

#
# Avnet
# -----

@misc{
	Avnet_MiniZed_Schematic_2017,
	author={Avnet},
	note={\newline(\href{http://zedboard.org/sites/default/files/documentations/MiniZed_Rev_1_Schematic.zip}
	     {MiniZed\_Rev\_1\_Schematic.zip})},
	title={{MiniZed Zynq Development Board Schematic (revision 1)}},
	month=jun,
	year={2017}
}

@misc{
	Avnet_MiniZed_QSC_2017,
	author={Avnet},
	note={\newline(\href{http://zedboard.org/sites/default/files/documentations/5239-QSC-XC7Z007S-1CLG225C-V7a.pdf}
	     {5239-QSC-XC7Z007S-1CLG225C-V7a.pdf})},
	title={{MiniZed Quick Start Card}},
	month=sep,
	year={2017}
}

@misc{
	Avnet_MiniZed_GSG_2018,
	author={Avnet},
	note={\newline(\href{http://zedboard.org/sites/default/files/documentations/MiniZed-GSG-v1_2.pdf}
	     {MiniZed-GSG-v1\_2.pdf})},
	title={{MiniZed Getting Started Guide (version 1.2)}},
	month=may,
	year={2018}
}

@misc{
	Avnet_MiniZed_HW_2017,
	author={Avnet},
	note={\newline(\href{http://zedboard.org/sites/default/files/documentations/MiniZed-HW-UG-v1-0-V1_0.pdf}
	     {MiniZed-HW-UG-v1-0-V1\_0.pdf})},
	title={{MiniZed Hardware User Guide (version 1.0)}},
	month=jun,
	year={2017}
}

@misc{
	Avnet_MiniZed_Restore_2018,
	author={Avnet},
	note={\newline(\href{http://zedboard.org/sites/default/files/documentations/Restoring_MiniZed_to_Factory_Status_03.zip}
	     {Restoring\_MiniZed\_to\_Factory\_Status\_03.zip})},
	title={{Restoring MiniZed to the Factory State (version 3.0)}},
	month=apr,
	year={2018}
}

@misc{
	Avnet_MiniZed_Tutorial01_2018,
	author={Avnet},
	note={\newline(\href{http://zedboard.org/sites/default/files/design/01_MiniZed_Zynq_Intro_2018_1_01.zip}
	     {01\_MiniZed\_Zynq\_Intro\_2018\_1\_01.zip})},
	title={{Tutorial 01: Build a Zynq Hardware Platform (version 2018.1)}},
	month=apr,
	year={2018}
}

@misc{
	Avnet_MiniZed_Tutorial02_2018,
	author={Avnet},
	note={\newline(\href{http://zedboard.org/sites/default/files/design/02_MiniZed_Zynq_Hello_World_2018_1_01.zip}
	     {02\_MiniZed\_Zynq\_Hello\_World\_2018\_1\_01.zip})},
	title={{Tutorial 02: First Application - Hello World (version 2018.1)}},
	month=apr,
	year={2018}
}

@misc{
	Avnet_MiniZed_Tutorial04_2018,
	author={Avnet},
	note={\newline(\href{http://zedboard.org/sites/default/files/design/04_MiniZed_FSBL_Boot_2018_1_01.zip}
	     {04\_MiniZed\_FSBL\_Boot\_2018\_1\_01.zip})},
	title={{Tutorial 04: FSBL and Boot from QSPI (version 2018.1)}},
	month=apr,
	year={2018}
}



# -----------------------------------------------------------------
# X
# -----------------------------------------------------------------
#
# Xilinx
# ------

@misc{
	Xilinx_UG585_2018,
	author={Xilinx},
	note={\newline(\href{https://www.xilinx.com/support/documentation/user_guides/ug585-Zynq-7000-TRM.pdf}
	     {ug585-Zynq-7000-TRM.pdf})},
	title={{UG585: Zynq-7000 SoC Technical Reference Manual (v1.12.2)}},
	month=jul,
	year={2018}
}

@misc{
	Xilinx_UG821_2015,
	author={Xilinx},
	note={\newline(\href{https://www.xilinx.com/support/documentation/user_guides/ug821-zynq-7000-swdev.pdf}
	     {ug821-zynq-7000-swdev.pdf})},
	title={{UG821: Zynq-7000 All Programmable SoC Software Developers Guide (v12.0)}},
	month=sep,
	year={2018}
}



